<record><leader>00000cas a22000007a 4500</leader><controlfield tag="001">16512806</controlfield><controlfield tag="008">870819d19701978aluwr ne      0    0eng d</controlfield><datafield ind1=" " ind2=" " tag="010"><subfield code="a">sn 87050278 </subfield></datafield><datafield ind1=" " ind2=" " tag="040"><subfield code="a">AAR</subfield><subfield code="b">eng</subfield><subfield code="c">AAR</subfield><subfield code="d">CPN</subfield><subfield code="d">NSD</subfield><subfield code="d">OCLCQ</subfield></datafield><datafield ind1=" " ind2=" " tag="042"><subfield code="a">msc</subfield></datafield><datafield ind1="0" ind2="0" tag="245"><subfield code="a">St. Clair observer.</subfield></datafield><datafield ind1="3" ind2="0" tag="246"><subfield code="a">Saint Clair observer</subfield></datafield><datafield ind1=" " ind2=" " tag="260"><subfield code="a">Pell City, Ala. :</subfield><subfield code="b">St. Clair Pub. Co.,</subfield><subfield code="c">1970-1978.</subfield></datafield><datafield ind1=" " ind2=" " tag="300"><subfield code="a">v.</subfield></datafield><datafield ind1=" " ind2=" " tag="310"><subfield code="a">Weekly</subfield></datafield><datafield ind1="0" ind2=" " tag="362"><subfield code="a">Vol. 1, no. 1 (July 15, 1970)-v. 9, no. 4 (Aug. 3, 1978).</subfield></datafield><datafield ind1=" " ind2=" " tag="515"><subfield code="a">Numbering is irregular.</subfield></datafield><datafield ind1=" " ind2=" " tag="752"><subfield code="a">United States</subfield><subfield code="b">Alabama</subfield><subfield code="c">Saint Clair</subfield><subfield code="d">Pell City.</subfield></datafield><datafield ind1="0" ind2="4" tag="785"><subfield code="t">St. Clair news-aegis</subfield><subfield code="x">1044-1964</subfield><subfield code="w">(DLC)sn 87050279</subfield></datafield></record>